<?xml version="1.0" encoding="UTF-8"?><collection xmlns="http://www.loc.gov/MARC21/slim"><record><leader>00329nam--2200121-i-4500</leader><controlfield tag="001">000048125</controlfield><controlfield tag="002">20161230</controlfield><controlfield tag="005">20161230201046</controlfield><controlfield tag="008">060222s1000------------r-----000-0-eng-d</controlfield><datafield ind1=" " ind2=" " tag="080"><subfield code="a">929:53(092)(01)</subfield></datafield><datafield ind1=" " ind2=" " tag="245"><subfield code="a">Alexandre proca (1897-1955). oeuvre scientifique publiee</subfield></datafield><datafield ind1=" " ind2=" " tag="260"><subfield code="a">Paris Georges A.Proca, 1988, /P.Dif.</subfield></datafield><datafield ind1=" " ind2=" " tag="852"><subfield code="a">79539</subfield></datafield></record></collection>